% Online Articles
@online{rastervsvectorgraphics,
 title = "Raster vs. Vector Graphics: What's the Difference?",
 year = "n.d.",
 howpublished = "\url{https://pixellogo.com/blogs/pixellogo-blog/raster-vs-vector-graphics}"
}

@online{rastervsvector,
 title = "Raster vs Vector",
 year = "n.d.",
 howpublished = "\url{https://vector-conversions.com/vectorizing/raster_vs_vector.html}"
}

@misc{rasterimagefiletypes,
  title = "Image File Types: Top 5 Types Of Picture Formats",
  howpublished = "\url{https://1stwebdesigner.com/image-file-types/}",
  urldate = "2018-11-10",
  year = 2016
}

@online{matheson2018smoothing,
	author = "Matheson, R. and MIT News Office",
	title = "Smoothing out sketches rough edges",
	year = "September 11, 2018", 
	howpublished = "\url{http://news.mit.edu/2018/automated-vectorization-algorithm-animation-0911}"
}

@misc{photoshopinterpolationmethods,
  title = "Photoshop image size and resolution",
  url = "\url{https://helpx.adobe.com/photoshop/using/image-size-resolution.html{\\#}resampling}",
  urldate = "2018-11-17"
}

@misc{gimpinterpolationmethods,
  title = "6.22.Â Scale Image",
  url = "\url{https://docs.gimp.org/en/gimp-image-scale.html}",
  urldate = "2018-11-17"
}


% Online videos
@misc{howdovectorgraphicswork,
	author = "Techquickie",
	title = "How Do Vector Graphics Work?",
	howpublished = "\url{https://www.youtube.com/watch?v=W2xknX3k6FY}",
	urldate = "2018-17-11",
	year = 2016
}

@misc{resizingimages,
	author = "Computerphile",
	title = "Resizing Images",
	url = "\url{https://www.youtube.com/watch?v=AqscP7rc8{\\_}M}",
	year = 2016
}

% Research Papers
@article{barendrecht2018locally,
 author = "Barendrecht, P. J. and Luinstra, M. and Hogervorst, J. and Kosinka, J.",
 title = "Locally refinable gradient meshes supporting branching and sharp colour transitions",
 journal = "The Visual Computer",
 volume = "",
 pages = "949--960",
 year = 2018
}

@article{hoshyari2018perceptiondriven,
 author = "Hoshyari, S. and Dominici, E. A. and Sheffer, A. and Carr, N. and Wang, Z. and Ceylan, D. and Shen, I.",
 title = "Perception-driven semi-structured boundary vectorization",
 journal = "ACM Transactions on Graphics",
 volume = "37",
 number = "4",
 pages = "1--14",
 year = 2018
}

@article{realtimevectorizationgpu,
  author = "Xiong, X. and Feng, J. and Zhou, B.",
  journal = "Proceedings of the 11th Joint Conference on Computer Vision, Imaging and Computer Graphics Theory and Applications (VISIGRAPP 2016)",
  pages = "143--150",
  title = "Real-time Image Vectorization on GPU",
  volume = 1,
  year = 2016
}

@Inproceedings{optimizedgradientmeshes,
  author = "Sun, J. and Liang, L. and Wen, F. and Shum, H.",
  title = "Image Vectorization using Optimized Gradient Meshes",
  year = 2007,
  month = "July",
  publisher = "Association for Computing Machinery, Inc.",
  url = \url{https://www.microsoft.com/en-us/research/publication/image-vectorization-using-optimized-gradient-meshes/},
}

@article{interpolationtechniquessurvey,
  author = "Parsania, P. and Virparia, P.",
  journal = "International Journal of Innovative Research in Computer and Communication Engineering",
  number = 12,
  pages = 7409--7414,
  title = "A Review: Image Interpolation Techniques for Image Scaling",
  volume = 2,
  year = 2014
}

@article{depixelizingpixelart,
  author = "Kopf, J. and Lischinski, D.",
  title = "Depixelizing Pixel Art",
  journal = "ACM Transactions on Graphics (Proceedings of SIGGRAPH 2011)",
  year = 2011,
  volume = 30,
  number = 4,
  pages = 99:1 -- 99:8
}
